% Encoding: UTF-8
@manual{inmetro2003,
	Author = {INMETRO},
	Title = {Vocabulário internacional de termos fundamentais e gerais de
	metrologia},
	Year = {2013},
	Address = {Rio de Janeiro, Brasil},
	Pages = {75},
	isbn = {85-87090-90-9},
}

@article{maples2008effects,
  title={The effects of cell phone use on peripheral vision},
  author={Maples, WC and DeRosier, Wes and Hoenes, Richard and Bendure, Rodney and Moore, Sherl},
  journal={Optometry-Journal of the American Optometric Association},
  volume={79},
  number={1},
  pages={36--42},
  year={2008},
  publisher={Elsevier}
}


@inproceedings{soviero1997,
	Author = {P. A. O. Soviero and L. G. M. Lavagna},
	Title = {A Numerical Model for Thin Airfoils in Unsteady Motion},
	Year = {1997},
	Pages = {332-340},
	Volume = {19},
	Number = {3},
	Booktitle = {Journal of the Brazilian Societyt Mechanical Sciences},
}

@article{ONU2015,
	Author = {ONU},
	Title = {Department of Economic and Social Affairs, Population Division.
    World Population Prospects: The 2015 Revision, Key Findings and Advance Tables},
	Year = {2015},
}

@book{RAMIZ1988,
  Author = {Ramiz, Antonio Argadona},
  Title = {Questões da teoria econômica},
  Address = {São Paulo},
  Year = {1988},
}

@article{ROCHA2015,
  title = {Construindo competências tecnológicas na agricultura brasileira: articulando a Política Nacional de Inovação com os investimentos em infraestrutura},
  journal = {Nova Economia},
  author={Rocha, Leonardo Andrade et al.},
  ISSN = {0103-6351},
  language = {pt},
  URL = {http://www.scielo.br/scielo.php?script=sci_arttext&pid=S0103-63512015000300621&nrm=iso},
  volume = {25},
  year = {2015},
  month = {12},
  pages = {621 - 646},
  publisher = {scielo},
}


@article{ARCHILA2014,
  title = {Projeto Mecatrônico de um Rover para Aplicação na Análise de Solos usando Tecnologia LIBS - Parte I},
  journal = {Simpósio Nacional de Instrumentação Agropecuária},
  author={ARCHILA, J. F.},
  language = {pt},
  year = {2014},
  address = {USP EESC LabRom. São Carlos, SP},
}

@article{ARGOTE2014,
  title = {Projeto Mecatrônico de um Rover para Aplicação na Análise de Solos usando Tecnologia LIBS - Parte II},
  journal = {Simpósio Nacional de Instrumentação Agropecuária},
  author={ARGOTE, J. F.},
  language = {pt},
  year = {2014},
  address = {USP EESC LabRom. São Carlos, SP},
}

@article{PMI2012,
abstract = {Project Management Institute (PMI) (2012). Project Management Book of Knowledge (PMBOK Guide), USA, PMI ‘Project management is central to businesses today'},
author = {PMI},
isbn = {ISBN 1933890517},
journal = {Project Management Institute (PMI)},
pages = {30},
title = {{Project management book of knowledge (pmbok guide)}},
year = {2012}
}

@online{MAGALHAES,
  author = {MAGALHAES, Alexandre},
  title = {{SOLARBOTICS. Industrial Circuits Application Note, Stepper Motor Basics, 2001}},
  year = 2011,
  url = {http://www.e-voo.com},
  urldate = {2016-08-29}
}

@online{MEGGLIAR,
  author = {MEGGLIAR, Marco},
  title = {{Tutorial em Robôs de Combate}},
  year = 2006,
  url = {http://www.riobotz.com.br/tutorial_riobotz.pdf},
  urldate = {2016-09-01}
}

@article{castillo2002advances,
  title={Advances in the recovering of spent lithium battery compounds},
  author={Castillo, S and Ansart, F and Laberty-Robert, C and Portal, J},
  journal={Journal of Power Sources},
  volume={112},
  number={1},
  pages={247--254},
  year={2002},
  publisher={Elsevier}
}

@phdthesis{pulsada2005juliano,
  title={Pulsada, Estudo do Mecanismo da Carga},
  author={ANDRADE, Juliano},
  year={2005},
  school={Universidade Federal do Paran{\'a}}
}

@article{matsumura2014desenvolvimento,
  title={Desenvolvimento de uma plataforma aberta de rob{\^o} m{\'o}vel para prop{\'o}sitos gerais},
  author={Matsumura, Takao},
  year={2014},
  publisher={Universidade Estadual Paulista (UNESP)}
}

@article{scofanogestao,
  title={GEST{\~A}O DE RISCO EM PROJETOS: AN{\'A}LISE DAS ETAPAS DO PMI-PMBOK (PROJECT MANAGEMENT INSTITUTE)},
  author={Scofano, Ms Claudia Rosana Felisberto and de Franco Abraham, Erick and de Souza Silva, Leonardo and Teixeira, Marcelo Amaral}
}

@online{antonelli,
  author = {ANTONELLI, Diego},
  title = {{Quase metade da água usada na agricultura é desperdiçada}},
  year = 2012,
  url = {http://www.gazetadopovo.com.br/vida-e-cidadania/quase-metade-da-agua-usada-na-agricultura-e-desperdicada-8cloqojyzd90xgtv7tdik6pn2},
  urldate = {2016-09-01}
}

@article{pmbok2012,
  title={Guide to the project Management body of knowledge},
  author={PMBoK, A},
  journal={Project Management Institute, Pennsylvania USA},
  year={2012}
}

@online{aosong,
  author = {AOSONG},
  year = 2013,
  title = {Temperature and humidity module --- AM2302 Product Manual},
  url = {http://akizukidenshi.com/download/ds/aosong/AM2302.pdf},
  urldate = {2016-11-02}
}

@online{raspref,
  author = {Adafruit},
  year = 2016,
  title = {{Raspberry Pi B+ Specs}},
  url = {https://cdn-shop.adafruit.com/datasheets/pi-specs.pdf},
  urldate = {2016-09-07}
}

@article{meneses2012,
  title={Introdu{\c{c}}{\~a}o ao processamento de imagens de sensoriamento remoto},
  author={Meneses, Paulo Roberto and Almeida, Tati de and others},
  journal={Bras{\'\i}lia: UNB/CNPq},
  year={2012}
}

@article{huang2009,
 author = {Huang, L.},
 title = {Wall\&\#45;Following Control of an Infrared Sensors Guided Wheeled Mobile Robot},
 journal = {Int. J. Intell. Syst. Technol. Appl.},
 issue_date = {May 2009},
 volume = {7},
 number = {1},
 month = may,
 year = {2009},
 issn = {1740-8865},
 pages = {106--117},
 numpages = {12},
 url = {http://dx.doi.org/10.1504/IJISTA.2009.025110},
 doi = {10.1504/IJISTA.2009.025110},
 acmid = {1540272},
 publisher = {Inderscience Publishers},
 address = {Inderscience Publishers, Geneva, SWITZERLAND},
 keywords = {infrared sensors, mobile robots, robot navigation, robot sensors robot control, wall following robots, wheeled robots},
} 

@article{tavares2008uso,
	title={Uso do forno de microondas na determina{\c{c}}{\~a}o da umidade em diferentes tipos de solo},
	author={Tavares, Maria Herm{\'\i}nia Ferreira and Cardoso, D{\'e}cio Lopes and Gentelini, Daniele Patr{\'\i}cia and Gabriel Filho, Antonio and Konoptavares2008usoatski, Evandro Andr{\'e}},
	journal={Semina: Ci{\^e}ncias Agr{\'a}rias},
	volume={29},
	number={3},
	pages={529--538},
	year={2008}
}

@article{munoz2011influence,
	title={The influence of changes in water content on the electrical resistivity of a natural unsaturated loess},
	author={Mu{\~n}oz-Castelblanco, JA and Pereira, Jean-Michel and Delage, Pierre and Cui, Yu-Jun},
	year={2011},
	publisher={ASTM International}
}

@Online{ncb,
  author = {NCB},
  title  = {Os Servos (MEC006)},
  year   = {2016},
  date   = {2016-11-01},
  url    = {http://www.newtoncbraga.com.br/index.php/110-mecatronica/robotica/898-os-servos-mec006},
}

@Online{santos,
  author = {André Santos},
  title  = {Servomotores},
  year   = {2007},
  date   = {2016-04-05},
  url    = {http://www.pictronics.com.br/downloads/apostilas/servomotores.pdf},
}

@Online{ottoboni,
  author = {Augusto Ottoboni},
  title  = {Servo-acionamentos},
  year   = {2002},
  url    = {http://w3.ufsm.br/fuentes/index_arquivos/servo.pdf},
}

@Online{uartsparkfun,
  title  = {Serial Communications --- UARTs},
  year   = {2002},
  url    = {https://learn.sparkfun.com/tutorials/serial-communication#uarts},
}


@Online{ultimategps,
  title  = {Adafruit Ultimate GPS},
  year   = {2016},
  url    = {https://cdn-learn.adafruit.com/downloads/pdf/adafruit-ultimate-gps.pdf},
}

@Article{brites,
  author = {Felipe Brites},
  title  = {Motor de Passo},
  year   = {2008},
}

@Article{bde,
  author = {BDE},
  title  = {Motor de Passo NEMA 23},
  year   = {2014},
}

@Manual{allegro,
  author = {Allegro},
  title  = {A4988 - DMOS Microstepping Driver with Translator And Overcurrent Protection},
  year   = {2015},
}

@Article{flop,
  author = {Felipe Flop},
  title  = {Driver Motor de Passo A4988},
  year   = {2016},
}

@Article{bastos,
  author = {Cesar Bastos},
  title  = {Compressibilidade dos Solos},
  year   = {2013},
}

@Comment{jabref-meta: databaseType:biblatex;}
